
@online{GitHub,
    title = "Repository dell'intero progetto",
    url ="https://github.com/SinergiaDeveloper1/IOT_Gym4.0_Public",
}

@online{influxdb,
    title = "InfluxDB",
    url = "https://www.influxdata.com/",
}

@online{mqtt,
    title = "Informazioni su MQTT",
    url = "https://mqtt.org/",
}

@online{GitHub2,
    title = "Allegati consultabili",
    url ="https://github.com/SinergiaDeveloper1/IOT_Gym4.0_Public/tree/main/Relazione/Allegati",
}

@online{trasmittanza,
    title = "Tabella trasmittanza termica",
    url ="https://www.ingdemurtas.it/tabelle/",
}

@online{ing_termo,
    title = "Fascicolo sulla Tipologia Edilizia Italiana",
    url ="https://episcope.eu/fileadmin/tabula/public/docs/brochure_until2012/IT_TABULA_TypologyBrochure_POLITO_2011.pdf",
}
